<record><leader>00000cas a22000007a 4500</leader><controlfield tag="001">13858372</controlfield><controlfield tag="008">860711u1858uuuudcumr ne      0    0eng d</controlfield><controlfield tag="009">5005</controlfield><datafield ind1=" " ind2=" " tag="010"><subfield code="a">sn 86077079 </subfield></datafield><datafield ind1=" " ind2=" " tag="040"><subfield code="a">NPA</subfield><subfield code="b">eng</subfield><subfield code="c">NPA</subfield><subfield code="d">MGN</subfield></datafield><datafield ind1="1" ind2=" " tag="029"><subfield code="a">AU@</subfield><subfield code="b">000025806563</subfield></datafield><datafield ind1=" " ind2=" " tag="042"><subfield code="a">msc</subfield></datafield><datafield ind1="0" ind2="0" tag="245"><subfield code="a">American eagle and flag of liberty.</subfield></datafield><datafield ind1="1" ind2="0" tag="246"><subfield code="a">Eagle and flag</subfield></datafield><datafield ind1=" " ind2=" " tag="260"><subfield code="a">Washington, D.C. ;</subfield><subfield code="a">Springfield, Mass. :</subfield><subfield code="b">Heald &amp; Marche,</subfield></datafield><datafield ind1=" " ind2=" " tag="300"><subfield code="a">v.</subfield></datafield><datafield ind1=" " ind2=" " tag="310"><subfield code="a">Monthly</subfield></datafield><datafield ind1="0" ind2=" " tag="362"><subfield code="a">Vol. 1, no. 1 (Jan. 1858)-</subfield></datafield><datafield ind1=" " ind2=" " tag="752"><subfield code="a">United States</subfield><subfield code="b">District of Columbia</subfield><subfield code="d">Washington.</subfield></datafield><datafield ind1=" " ind2=" " tag="752"><subfield code="a">United States</subfield><subfield code="b">Massachusetts</subfield><subfield code="c">Hampden</subfield><subfield code="d">Springfield.</subfield></datafield></record>